@InProceedings{marcu-wong-02,
  author    = {Daniel Marcu  and  Daniel Wong},
  title     = {A Phrase-Based,Joint Probability Model for Statistical Machine Translation},
  booktitle = {Proceedings of the 2002 Conference on Empirical Methods in Natural Language Processing},
  month     = {July},
  year      = {2002},
  publisher = {Association for Computational Linguistics},
  pages     = {133--139},
  url       = {http://www.aclweb.org/anthology/W02-1018},
  doi       = {10.3115/1118693.1118711}
}

@InProceedings{denero-acl-08,
  author    = {DeNero, John  and  Klein, Dan},
  title     = {The Complexity of Phrase Alignment Problems},
  booktitle = {Proceedings of ACL-08: HLT, Short Papers},
  month     = {June},
  year      = {2008},
  address   = {Columbus, Ohio},
  publisher = {Association for Computational Linguistics},
  pages     = {25--28},
  url       = {http://www.aclweb.org/anthology/P/P08/P08-2007}
}

@InProceedings{denero-06-wmt,
  author    = {DeNero, John  and  Gillick, Dan  and  Zhang, James  and  Klein, Dan},
  title     = {Why Generative Phrase Models Underperform Surface Heuristics},
  booktitle = {Proceedings on the Workshop on Statistical Machine Translation},
  month     = {June},
  year      = {2006},
  address   = {New York City},
  publisher = {Association for Computational Linguistics},
  pages     = {31--38},
  url       = {http://www.aclweb.org/anthology/W/W06/W06-3105}
}

@InProceedings{moses-07,
  author    = {Koehn, Philipp  and  Hoang, Hieu  and  Birch, Alexandra  and  Callison-Burch, Chris  and  Federico, Marcello  and  Bertoldi, Nicola  and  Cowan, Brooke  and  Shen, Wade  and  Moran, Christine  and  Zens, Richard  and  Dyer, Chris  and  Bojar, Ondrej  and  Constantin, Alexandra  and  Herbst, Evan},
  title     = {Moses: Open Source Toolkit for Statistical Machine Translation},
  booktitle = {Proceedings of the 45th Annual Meeting of the Association for Computational Linguistics Companion Volume Proceedings of the Demo and Poster Sessions},
  month     = {June},
  year      = {2007},
  address   = {Prague, Czech Republic},
  publisher = {Association for Computational Linguistics},
  pages     = {177--180},
  url       = {http://www.aclweb.org/anthology/P07-2045}
}
